@article{materiales,
  title={Materiales inteligentes I/II: introducci{\'o}n a los materiales del siglo XXI},
  author={L{\'o}pez Garc{\'\i}a, {\'O}scar and Carnicero L{\'o}pez, Alberto and Ru{\'\i}z Pablos, Rosa Mar{\'\i}a},
  year={2003}
}

@article{moreno-materiales,
  title={Materiales inteligentes: aleaciones con memoria de forma (SMA)},
  author={Moreno, L and Mu{\~n}oz, ML and Garrido, S and Blanco, D},
  journal={Revista de la Real Academia de Ciencias Exactas, F{\'\i}sicas y Naturales},
  year={2009}
}

@book{nanotecnologia,
  title={La nanotecnolog{\'\i}a},
  author={Nanociencias, Nanotecnolog{\'i}as Y and Gener, Ci{\'o}n},
  year={2009},
  publisher={M{\'e}xico: Fondo de cultura ec{\'o}nomica}
}

@article{castagnino-mat-nanotecnologia,
  title={T{\'e}cnicas, materiales y aplicaciones en nanotecnolog{\'\i}a},
  author={Castagnino, Juan M},
  journal={Acta bioqu{\'\i}mica cl{\'\i}nica latinoamericana},
  volume={41},
  number={2},
  pages={189--191},
  year={2007},
  publisher={SciELO Argentina}
}

@article{plasma1,
  title={Modificaci{\'o}n en la superficie de pol{\'\i}meros con plasma.},
  author={Nakamatsu, Javier and Delgado-Aparicio, Luis Felipe},
  journal={Revista de pl{\'a}sticos modernos: Ciencia y tecnolog{\'\i}a de pol{\'\i}meros},
  volume={74},
  number={495},
  pages={262--268},
  year={1997},
  publisher={Asociaci{\'o}n para el Fomento de la Ciencia y de la T{\'e}cnica (FOCITEC)}
}

@inproceedings{zo-plasma,
  title={Crecimiento de c{\'e}lulas nerviosas motoras sobre material modificado superficialmente por polimerizaci{\'o}n por plasma},
  author={Zu{\~n}iga-Aguilar, E and God{\'\i}nez, R and Morales, MA and Cifuentes, F and Ram{\'\i}rez-Fern{\'a}ndez, O and Morales, J and Olayo, R},
  booktitle={V Latin American Congress on Biomedical Engineering CLAIB 2011 May 16-21, 2011, Habana, Cuba: Sustainable Technologies for the Health of All},
  pages={120--123},
  year={2013},
  organization={Springer}
}